<record><leader>00000cas a2200000 a 4500</leader><controlfield tag="001">27178852</controlfield><controlfield tag="008">921229d18751881iluwr ne      0   a0eng c</controlfield><datafield ind1=" " ind2=" " tag="010"><subfield code="a">sn 92053447 </subfield></datafield><datafield ind1=" " ind2=" " tag="040"><subfield code="a">NVF</subfield><subfield code="b">eng</subfield><subfield code="c">NVF</subfield><subfield code="d">OCLCQ</subfield><subfield code="d">NVF</subfield><subfield code="d">OCLCQ</subfield><subfield code="d">OCLCF</subfield><subfield code="d">OCLCO</subfield><subfield code="d">NVF</subfield></datafield><datafield ind1=" " ind2=" " tag="042"><subfield code="a">pcc</subfield></datafield><datafield ind1=" " ind2=" " tag="043"><subfield code="a">n-us-il</subfield></datafield><datafield ind1="0" ind2="4" tag="245"><subfield code="a">The Oregon courier.</subfield></datafield><datafield ind1=" " ind2=" " tag="260"><subfield code="a">Oregon, Ogle County, Ill. :</subfield><subfield code="b">Chas. R. Haws,</subfield><subfield code="c">1875-1881.</subfield></datafield><datafield ind1=" " ind2=" " tag="300"><subfield code="a">v.</subfield></datafield><datafield ind1=" " ind2=" " tag="310"><subfield code="a">Weekly</subfield></datafield><datafield ind1="0" ind2=" " tag="362"><subfield code="a">New ser., v. 1, no. 1 (June 9, 1875)-new ser., v. 3, no. 52 (June 5, 1878) ; whole no. 625 (June 12, 1878)-whole no. 767 (Feb. 23, 1881).</subfield></datafield><datafield ind1=" " ind2=" " tag="515"><subfield code="a">Issues for Jan. 7, 1880-Feb. 23, 1881 called also vol. 14, no. 33-v. 15, no. 39.</subfield></datafield><datafield ind1=" " ind2="0" tag="651"><subfield code="a">Oregon (Ill.)</subfield><subfield code="v">Newspapers.</subfield></datafield><datafield ind1=" " ind2="7" tag="651"><subfield code="a">Illinois</subfield><subfield code="z">Oregon.</subfield><subfield code="2">fast</subfield><subfield code="0">(OCoLC)fst01221111</subfield></datafield><datafield ind1=" " ind2="7" tag="655"><subfield code="a">Newspapers.</subfield><subfield code="2">fast</subfield><subfield code="0">(OCoLC)fst01423814</subfield></datafield><datafield ind1=" " ind2=" " tag="752"><subfield code="a">United States</subfield><subfield code="b">Illinois</subfield><subfield code="c">Ogle County</subfield><subfield code="d">Oregon.</subfield></datafield><datafield ind1="0" ind2="0" tag="780"><subfield code="t">Ogle County Grange</subfield><subfield code="w">(DLC)sn 84038580</subfield><subfield code="w">(OCoLC)11347357</subfield></datafield><datafield ind1="0" ind2="0" tag="785"><subfield code="t">Oregon independent</subfield><subfield code="w">(DLC)sn 92053448</subfield><subfield code="w">(OCoLC)27178892</subfield></datafield></record>